@Book{xie2015,
  title = {Advanced R Companion},
  author = {R4DS Bookclub}
}
